@article{our-mz-rus,
  title={О множествах точек на плоскости с целочисленными расстояниями},
  author={Авдеев, Н Н and Семёнов, Евгений Михайлович},
  journal={Математические заметки},
  volume={100},
  number={5},
  pages={757--761},
  year={2016},
  publisher={Российская академия наук, Математический институт им. В.А. Стеклова Российской академии наук}
}

@article{our-mz-rus-translit,
  title={On point sets in the plane with integral distances (О множествах точек на плоскости с целочисленными расстояниями)},
  author={Avdeev, N N and Semenov, Evgenij Mihajlovich},
  journal={Matematicheskie zametki},
  volume={100},
  number={5},
  pages={757--761},
  year={2016},
  publisher={Rossijskaya akademiya nauk, Matematicheskij institut im. V.A. Steklova Rossijskoj akademii nauk}
}

@article{our-mz-eng,
  title={On the sets of points on the plane with integer-valued distances},
  author={Avdeev, NN and Semenov, Evgenii Mikhailovich},
  journal={Mathematical Notes},
  volume={100},
  number={5-6},
  pages={743--746},
  year={2016},
  publisher={Springer},
  url={http://www.mathnet.ru/php/archive.phtml?wshow=paper&jrnid=mzm&paperid=11235&option_lang=eng},
}

@article{our-ped-2017,
  title={О множествах точек на плоскости с целочисленными расстояниями и алгоритмах их отыскания},
  author={Авдеев, Н Н},
  journal={Некоторые вопросы анализа, алгебры, геометрии и математического образования: материалы международной молодежной научной школы «Актуальные направления математического анализа и смежные вопросы»},
  volume={7},
  number={I},
  pages={9--10},
  year={2017},
  publisher={Воронеж: Издательско-полиграфический центр «Научная книга»}
}


@article{our-mkmitu-2016,
  title={Об отыскании множеств точек на плоскости с целочисленными расстояниями},
  author={Авдеев, Н Н},
  journal={Математическое и компьютерное моделирование, информационные технологии управления: сб. тр. Школы для студентов, аспирантов и молодых ученых «МКМИТУ-2016»},
  pages={15--19},
  year={2016},
  publisher={Воронеж: Издательско-полиграфический центр «Научная книга»}
}

@article{our-vvmsh-2018,
  title={Некоторые примеры систем Эрдёша},
  author={Авдеев, Н Н},
  journal={Современные методы теории краевых задач : материалы международной конференции «Понтрягинские чтения — XXIX», посвященной 90-летию Владимира Александровича Ильина (2–6 мая 2018 г.)},
  pages={30--31},
  year={2018},
  publisher={Москва: Издательство МАКС-Пресс}
}


@article{our-ped-2018,
  title={On integral point sets in special position},
  author={Авдеев, Н Н},
  journal={Некоторые вопросы анализа, алгебры, геометрии и математического образования: материалы международной молодежной научной школы «Актуальные направления математического анализа и смежные вопросы»},
  volume={8},
  pages={5--6},
  year={2018},
  publisher={Воронеж: Издательско-полиграфический центр «Научная книга»}
}


@inproceedings{our-pmm-2018,
  title={Об отыскании целоудалённых множеств специального вида},
  author={Авдеев, Н Н},
  booktitle={Актуальные проблемы прикладной математики, информатики и механики - сборник трудов Международной научной конференции.},
  pages={492--498},
  year={2018},
  publisher={Научно-исследовательские публикации}
}


@article{our-vmmsh-2018,
  title={Множества точек с целочисленными расстояниями на плоскости и в евклидовом пространстве},
  author={Авдеев, Н Н and Семёнов, Евгений Михайлович},
  journal={Математический форум (Итоги науки. Юг России)},
  publisher={Южный математический институт Владикавказского научного центра Российской академии наук и Правительства Республики Северная Осетия-Алания (Владикавказ)},
  pages={217--236},
  year={2018},
  language={russian},
  langid={russian},
}

@article{our-vmmsh-2018-translit,
  title={Integral point sets in the plane and Euclidean space (Множества точек с целочисленными расстояниями на плоскости и в евклидовом пространстве)},
  author={Avdeev, N N and Semenov, Evgenij Mihajlovich},
  journal={Matematicheskij forum (Itogi nauki. Yug Rossii)},
  publisher={Yuzhnyj matematicheskij institut Vladikavkazskogo nauchnogo centra Rossijskoj akademii nauk i Pravitel'stva Respubliki Severnaya Osetiya-Alaniya (Vladikavkaz)},
  pages={217--236},
  year={2018},
}

@article{my-pps-linear-bound-2019,
  title={On existence of integral point sets and their diameter bounds},
  author={Avdeev, Nikolai},
  journal={Australasian Journal of Combinatorics},
  volume={77},
  number={1},
  pages={100--116},
  year={2020},
  archivePrefix = {arXiv},
  eprint = {1906.11926},
  url = {https://ui.adsabs.harvard.edu/abs/2019arXiv190611926A/abstract},
}

@article{avdeev2019particular,
  title={On particular diameter bounds for integral point sets in higher dimensions},
  author={Avdeev, N N and Zvolinsky, R E and Momot, E A},
  year={2019},
  archivePrefix = {arXiv},
  eprint = {1909.10386},
  url = {https://ui.adsabs.harvard.edu/abs/2019arXiv190910386A/abstract},
}

@article{my-semi-general-5-4-bound-2019,
  title={On diameter bounds for planar integral point sets in semi-general position},
  author={Avdeev, Nikolai},
  year={2019},
  archivePrefix = {arXiv},
  eprint = {1907.09331},
  url = {https://ui.adsabs.harvard.edu/abs/2019arXiv190709331A/abstract},
}

@article{avdeev2021particular,
  title={On particular examples of planar integral point sets and their classification},
  author={Avdeev, Nikolai and Momot, Ekaterina and Zvolinsky, Alexander},
  archivePrefix = {arXiv},
  eprint = {2102.12462 [math.CO]},

}

@article{lushina2021vestnikpmm,
  title={О характеристике плоских множеств с целочисленными расстояниями с рёбрами 1 и 2},
  author={Лушина, Е. А. and Авдеев, Н. Н.},
  journal={Вестник факультета прикладной математики, информатики и механики},
  pages={117--123},
  year={2021},
  volume={15},
}
