@book{polygons-on-lattices,
  title={Многоугольники на решетках},
  author={Вавилов, ВВ and Устинов, АВ},
  journal={М.: МЦНМО},
  year={2006}
}

@book{Bukhstab-number-theory,
  title={Теория чисел},
  author={Бухштаб, АА},
  journal={Москва},
  pages={384},
  year={1966}
}

@article{Bron-Kerbosch,
  title={Algorithm 457: finding all cliques of an undirected graph},
  author={Bron, Coen and Kerbosch, Joep},
  journal={Communications of the ACM},
  volume={16},
  number={9},
  pages={575--577},
  year={1973},
  publisher={ACM}
}

@article{Bron-Kerbosch-complexity,
  title={The worst-case time complexity for generating all maximal cliques and computational experiments},
  author={Tomita, Etsuji and Tanaka, Akira and Takahashi, Haruhisa},
  journal={Theoretical Computer Science},
  volume={363},
  number={1},
  pages={28--42},
  year={2006},
  publisher={Elsevier}
}

@book{Newman-problem-seminar,
  title={A problem seminar},
  author={Newman, Donald J},
  year={2012},
  publisher={Springer Science \& Business Media}
}

@book{Semenov-Uksusov-angem1kurs,
  title={Аналитическая геометрия на плоскости},
  author={Семенов, Евгений Михайлович and Уксусов, Сергей Николаевич},
  year={2016},
  publisher={Издательство Воронежского гос. ун-та}
}

@article{ramanujan1915highly,
  title={Highly composite numbers},
  author={Ramanujan, Srinivasa},
  journal={Proceedings of the London Mathematical Society},
  volume={2},
  number={1},
  pages={347--409},
  year={1915},
  publisher={Wiley Online Library}
}





@article{anning1915discussions,
  title={Discussions: Relating to a Geometric Representation of Integral Solutions of Certain Quadratic Equations},
  author={Anning, Norman},
  journal={The American Mathematical Monthly},
  volume={22},
  number={9},
  pages={321--321},
  year={1915}
}

@article{anning1945integral,
  title={Integral distances},
  author={Anning, Norman H and Erd{\H{o}}s, Paul},
  doi={10.1090/S0002-9904-1945-08407-9},
  journal={Bulletin of the American Mathematical Society},
  volume={51},
  number={8},
  pages={598--600},
  year={1945}
}

@article{erdos1945integral,
  title={Integral distances},
  author={Erd{\H{o}}s, Paul},
  doi={10.1090/S0002-9904-1945-08490-0},
  journal={Bulletin of the American Mathematical Society},
  volume={51},
  number={12},
  pages={996},
  year={1945}
}

@article{erdos1946sets,
  title={On sets of distances of n points},
  author={Erd{\H{o}}s, Paul},
  journal={The American Mathematical Monthly},
  volume={53},
  number={5},
  pages={248--250},
  year={1946},
  publisher={Taylor \& Francis}
}

@article{huff1948diophantine,
  title={Diophantine problems in geometry and elliptic ternary forms},
  author={Huff, Gerald B},
  doi={10.1215/S0012-7094-48-01543-9},
  journal={Duke Mathematical Journal},
  volume={15},
  number={2},
  pages={443--453},
  year={1948},
  publisher={Duke University Press}
}

@article{peeples1954elliptic,
  title={Elliptic curves and rational distance sets},
  author={Peeples, WD},
  journal={Proceedings of the American Mathematical Society},
  volume={5},
  number={1},
  pages={29--33},
  year={1954},
  publisher={JSTOR}
}

@book{ulam1960collection,
  title={A collection of mathematical problems},
  author={Ulam, Stanislaw M},
  volume={8},
  year={1960},
  publisher={Interscience Publishers}
}

@article{graham1974there,
  title={Are there $n+2$ points in $E^n$ with odd integral distances?},
  author={Graham, RL and Rothschild, BL and Straus, EG},
  journal={The American Mathematical Monthly},
  volume={81},
  number={1},
  pages={21--25},
  year={1974},
  publisher={Taylor \& Francis}
}

% Тоже пока не нашёл, но не очень искал. Навёл Курц.
@article{kanold1981punktmengen,
  title={{\"U}ber Punktmengen im k-dimensionalen euklidischen Raum},
  author={Kanold, Hans-Joachim},
  journal={Abh. Braunschw. Wiss. Ges},
  volume={32},
  number={55-65},
  pages={252},
  year={1981}
}

% Тоже пока не нашёл, но не очень искал. Навёл Курц.
@inproceedings{harborth1985diameters,
  title={Diameters of integral point sets},
  author={Harborth, Heiko and Kemnitz, Arnfried},
  booktitle={Colloquia Mathematica Societatis Jano Bolyai},
  volume={48},
  year={1985}
}

@article{lagrange1986two,
  title={Two triads of squares},
  author={Lagrange, Jean and Leech, John},
  journal={mathematics of computation},
  volume={46},
  number={174},
  pages={751--758},
  year={1986}
}

% А здесь, если верить Курцу, ввели характеристику
% На немецком, найти не удалось
@book{kemnitz1988punktmengen,
  title={Punktmengen mit ganzzahligen Abst{\"a}nden},
  author={Kemnitz, Arnfried},
  year={1988}
}

@phdthesis{piepmeyer1988raumliche,
  title={R{\"a}umliche ganzzahlige Punktmengen},
  author={Piepmeyer, L},
  year={1988},
  school={Master’s thesis, TU Braunschweig}
}

@article{noll1989nclusters,
  title={{$n$}-clusters for {$1<n<7$}},
  author={Noll, Landon Curt and Bell, David I},
  journal={Mathematics of Computation},
  volume={53},
  number={187},
  pages={439--444},
  year={1989}
}

@book{degroot1990optimal10points,
  title={The optimal packing of ten equal circles in a square},
  author={DeGroot, Claas and Peikert, Ronald and W{\"u}rtz, Diethelm},
  year={1990},
  publisher={Eidgen{\"o}ssische Technische Hochschule Z{\"u}rich, Interdisziplin{\"a}res Projektzentrum f{\"u}r Supercomputing}
}

@inbook{harborth1991point,
  title={Point sets with small integral distances},
  author={Harborth, Heiko and Piepmeyer, Lothar},
  booktitle={Applied geometry and discrete mathematics: the Victor Klee Festschrift},
  volume={4},
  year={1991},
  publisher={American Mathematical Soc.}
}

@article{harborth1993upper,
  title={An upper bound for the minimum diameter of integral point sets},
  author={Harborth, Heiko and Kemnitz, Arnfried and M{\"{o}}ller, Meinhard},
  doi={10.1007/bf02189331},
  journal={Discrete \& Computational Geometry},
  volume={9},
  number={4},
  pages={427--432},
  year={1993},
  publisher={Springer}
}

@article{piepmeyer1996maximum,
  title={The maximum number of odd integral distances between points in the plane},
  author={Piepmeyer, L},
  doi={10.1007/bf02711135},
  journal={Discrete \& Computational Geometry},
  volume={16},
  number={1},
  pages={113--115},
  year={1996},
  publisher={Springer}
}

@article{eiter1997distance,
  title={Distance measures for point sets and their computation},
  author={Eiter, Thomas and Mannila, Heikki},
  journal={Acta Informatica},
  volume={34},
  number={2},
  pages={109--133},
  year={1997},
  publisher={Springer}
}

@incollection{harborth1998integral,
  title={Integral distances in point sets},
  author={Harborth, Heiko},
  booktitle={Karl der Grosse und sein Nachwirken. 1200 Jahre Kultur und Wissenschaft in Europa: Band II, Mathematisches Wissen},
  pages={213--224},
  year={1998}
}

@article{smurov1998stripcoverings,
  title={Покрытия полосками},
  author={Смуров, М and Спивак, А},
  journal={Квант},
  number={5},
  pages={6--12},
  year={1998}
}

@article{locatelli2002packing,
  title={Packing equal circles in a square: a deterministic global optimization approach},
  author={Locatelli, Marco and Raber, Ulrich},
  journal={Discrete Applied Mathematics},
  volume={122},
  number={1-3},
  pages={139--166},
  year={2002},
  publisher={Elsevier}
}

@article{solymosi2003note,
  title={Note on integral distances},
  author={Solymosi, J{\'o}zsef},
  doi={10.1007/s00454-003-0014-7},
  journal={Discrete \& Computational Geometry},
  volume={30},
  number={2},
  pages={337--342},
  year={2003},
  publisher={Springer}
}

@article{garibaldi2005erdos,
  title={The Erd{\H{o}}s distance problem: lecture notes},
  author={Garibaldi, Julia and Iosevich, Alex},
  year={2005}
}

@article{kurz2005characteristic,
  title={On the characteristic of integral point sets in {$\mathbb{E}^m$}},
  author={Kurz, Sascha},
  archivePrefix = {arXiv},
  eprint = {math/0511704},
  journal={Australasian Journal of Combinatorics},
  volume={36},
  pages={241--248},
  year={2006},
  publisher={Centre for Combinatorics},
}

@article{markot2005newverified,
  title={A new verified optimization technique for the "packing circles in a unit square" problems},
  author={Mark{\'o}t, Mih{\'a}ly Csaba and Csendes, Tibor},
  journal={SIAM Journal on Optimization},
  volume={16},
  number={1},
  pages={193--219},
  year={2005},
  publisher={SIAM}
}

@book{brass2006research,
  title={Research problems in discrete geometry},
  author={Brass, Peter and Moser, William OJ and Pach, J{\'a}nos},
  doi={10.1007/0-387-29929-7},
  year={2006},
  publisher={Springer Science \& Business Media}
}

@article{Kohnert2006IntegralPS,
  title={Integral point sets over {$\mathbb{Z}^m_n$}},
  author={Axel Kohnert and Sascha Kurz},
  year={2006},
  journal={Discrete Applied Mathematics},
  volume={157 (2009)},
  pages={2105–2117},
}

@phdthesis{kurz2006konstruktion,
  title={Konstruktion und Eigenschaften ganzzahliger Punktmengen},
  author={Kurz, Sascha},
  year={2006}
}

@article{kurz2007enumeration,
  title={Enumeration of Integral Tetrahedra},
  author={Kurz, Sascha},
  journal={Journal of Integer Sequences},
  volume={10},
  number={2},
  pages={3},
  year={2007}
}

@book{szabo2007new,
  title={New approaches to circle packing in a square: with program codes},
  author={Szab{\'o}, P{\'e}ter G{\'a}bor and Mark{\'o}t, Mihaly Csaba and Csendes, Tibor and Specht, Eckard and Casado, Leocadio G and Garc{\'\i}a, Inmaculada},
  volume={6},
  year={2007},
  publisher={Springer Science \& Business Media}
}

@article{kreisel2008heptagon,
  title={There are integral heptagons, no three points on a line, no four on a circle},
  author={Kreisel, Tobias and Kurz, Sascha},
  doi={10.1007/s00454-007-9038-6},
  journal={Discrete \& Computational Geometry},
  volume={39},
  number={4},
  pages={786--790},
  year={2008},
  publisher={Springer}
}

@article{kurz2008bounds,
  title={Bounds for the minimum diameter of integral point sets},
  author={Kurz, Sascha and Laue, Reinhard},
  journal={Australasian Journal of Combinatorics},
  publisher={Centre for Combinatorics},
  volume={39},
  pages={233--240},
  year={2007},
  archivePrefix = {arXiv},
  eprint = {0804.1296},
}

@article{kurz2008minimum,
  title={On the minimum diameter of plane integral point sets},
  author={Kurz, Sascha and Wassermann, Alfred},
  journal={Ars Combinatoria},
  volume={101},
  pages={265--287},
  year={2011},
  archivePrefix = {arXiv},
  eprint = {0804.1307},
}

@article{antonov2008maximal,
  title={Maximal integral point sets over {$\mathbb{Z}^2$}},
  author={Antonov, Andrey Radoslavov and Kurz, Sascha},
  doi={10.1080/00207160902993636},
  archivePrefix = {arXiv},
  eprint = {0804.1280},
  journal={International Journal of Computer Mathematics},
  volume={87},
  number={12},
  pages={2653--2676},
  year={2008},
  publisher={Taylor \& Francis}
}

@article{solymosi2010question,
  title={On a question of Erd{\H{o}}s and Ulam},
  author={Solymosi, Jozsef and De Zeeuw, Frank},
  archivePrefix = {arXiv},
  eprint = {0806.3095},
  journal={Discrete \& Computational Geometry},
  volume={43},
  number={2},
  pages={393--401},
  year={2010},
  publisher={Springer}
}

% Нет в открытом или взломанном доступе
@book{garibaldi2011erdos,
  title={The Erd{\H{o}}s Distance Problem},
  author={Garibaldi, Julia and Iosevich, Alex and Senger, Steven},
  volume={56},
  year={2011},
  publisher={American Mathematical Soc.}
}

@article{macleod2012rational,
  title={Rational Distance Sets on $xy=1$},
  author={MacLeod, Allan J},
  journal={Journal of Integer Sequences},
  volume={15},
  number={2},
  pages={3},
  year={2012}
}

@article{kurz2013constructing,
  title={Constructing $7$-clusters},
  author={Kurz, Sascha and Noll, Landon Curt and Rathbun, Randall and Simmons, Chuck},
  journal={Serdica Journal of Computing},
  volume={8},
  number={1},
  pages={47--70},
  year={2014},
  archivePrefix = {arXiv},
  eprint = {1312.2318},
}

@article{costa2013valid,
  title={Valid constraints for the point packing in a square problem},
  author={Costa, Alberto},
  journal={Discrete Applied Mathematics},
  volume={161},
  number={18},
  pages={2901--2909},
  year={2013},
  publisher={Elsevier}
}

@article{nozaki2013lower,
  title={Lower bounds for the minimum diameter of integral point sets},
  author={Nozaki, Hiroshi},
  journal={Australasian Journal of Combinatorics},
  publisher={Centre for Combinatorics},
  volume={56},
  pages={139--143},
  year={2013}
}

@book{guy2013unsolved,
  title={Unsolved problems in number theory},
  author={Guy, Richard},
  doi={10.1007/978-1-4757-1738-9},
  volume={1},
  year={2013},
  publisher={Springer Science \& Business Media}
}

@article{guth2015erdos,
  title={On the Erd{\H{o}}s distinct distances problem in the plane},
  author={Guth, Larry and Katz, Nets Hawk},
  journal={Annals of Mathematics},
  volume={181},
  pages={155--190},
  year={2015}
}

@article{bat2018number,
  title={On the number of points with pairwise integral distances on a circle},
  author={Bat-Ochir, Ganbileg},
  doi={10.1016/j.dam.2018.07.004},
  journal={Discrete Applied Mathematics},
  volume={254},
  pages={17--32},
  year={2018},
  publisher={Elsevier}
}

@article{halbeisen2018congruent,
  title={Congruent number elliptic curves with rank at least two},
  author={Halbeisen, Lorenz and Hungerb{\"u}hler, Norbert},
  journal={},
  year={2018},
  archivePrefix = {arXiv},
  eprint = {1809.02037},
}

@article{sadek2018rational,
  title={On rational triangles via algebraic curves},
  author={Sadek, Mohammad and Shahata, Farida and others},
  journal={Rocky Mountain Journal of Mathematics},
  volume={48},
  number={1},
  pages={325--343},
  year={2018},
  publisher={Rocky Mountain Mathematics Consortium}
}

@article{halbeisen2019geometric,
  title={A geometric representation of integral solutions of $x^2+ xy+ y^2= m^2$},
  author={Halbeisen, Lorenz and Hungerb{\"u}hler, Norbert},
  journal={Quaestiones Mathematicae},
  pages={1--15},
  year={2019},
  publisher={Taylor \& Francis}
}

@article{ascher2020erdos,
  title={The Erd{\H{o}}s--Ulam problem, Lang's conjecture and uniformity},
  author={Ascher, Kenneth and Braune, Lucas and Turchet, Amos},
  journal={Bulletin of the London Mathematical Society},
  volume={52},
  number={6},
  pages={1053--1063},
  year={2020},
  publisher={Oxford University Press},
  archivePrefix = {arXiv},
  eprint = {1809.02037},
}
